[gd_scene load_steps=15 format=2]

[ext_resource path="res://assets/buchstaben/Ä.png" type="Texture" id=1]
[ext_resource path="res://assets/buchstaben/C.png" type="Texture" id=2]
[ext_resource path="res://assets/buchstaben/A.png" type="Texture" id=3]
[ext_resource path="res://assets/buchstaben/M.png" type="Texture" id=4]
[ext_resource path="res://assets/buchstaben/E.png" type="Texture" id=5]
[ext_resource path="res://assets/buchstaben/H.png" type="Texture" id=6]
[ext_resource path="res://assets/buchstaben/L.png" type="Texture" id=7]
[ext_resource path="res://assets/buchstaben/N.png" type="Texture" id=8]
[ext_resource path="res://assets/buchstaben/G.png" type="Texture" id=9]
[ext_resource path="res://assets/fonts/IBMPlexSans-Regular.ttf" type="DynamicFontData" id=10]
[ext_resource path="res://code/VorSpiel.gd" type="Script" id=11]

[sub_resource type="DynamicFont" id=1]
size = 30
font_data = ExtResource( 10 )

[sub_resource type="DynamicFont" id=2]
size = 25
font_data = ExtResource( 10 )

[sub_resource type="DynamicFont" id=3]
size = 40
font_data = ExtResource( 10 )

[node name="VorSpiel" type="Control"]
anchor_right = 1.0
anchor_bottom = 1.0
script = ExtResource( 11 )

[node name="Hintergrund" type="Panel" parent="."]
anchor_right = 1.0
anchor_bottom = 1.0

[node name="Rand" type="MarginContainer" parent="Hintergrund"]
anchor_right = 1.0
anchor_bottom = 1.0

[node name="InfoBox" type="VBoxContainer" parent="Hintergrund/Rand"]
margin_right = 1280.0
margin_bottom = 720.0
alignment = 1

[node name="TextRand" type="MarginContainer" parent="Hintergrund/Rand/InfoBox"]
margin_right = 1280.0
margin_bottom = 427.0
size_flags_vertical = 3
size_flags_stretch_ratio = 3.0

[node name="VBoxContainer" type="VBoxContainer" parent="Hintergrund/Rand/InfoBox/TextRand"]
margin_right = 1280.0
margin_bottom = 427.0
custom_constants/separation = 50
alignment = 1

[node name="HBoxContainer" type="HBoxContainer" parent="Hintergrund/Rand/InfoBox/TextRand/VBoxContainer"]
margin_top = 124.0
margin_right = 1280.0
margin_bottom = 188.0
custom_constants/separation = 5
alignment = 1

[node name="TextureRect" type="TextureRect" parent="Hintergrund/Rand/InfoBox/TextRand/VBoxContainer/HBoxContainer"]
margin_left = 435.0
margin_right = 499.0
margin_bottom = 64.0
texture = ExtResource( 9 )

[node name="TextureRect2" type="TextureRect" parent="Hintergrund/Rand/InfoBox/TextRand/VBoxContainer/HBoxContainer"]
margin_left = 504.0
margin_right = 568.0
margin_bottom = 64.0
texture = ExtResource( 3 )

[node name="TextureRect3" type="TextureRect" parent="Hintergrund/Rand/InfoBox/TextRand/VBoxContainer/HBoxContainer"]
margin_left = 573.0
margin_right = 637.0
margin_bottom = 64.0
texture = ExtResource( 7 )

[node name="TextureRect4" type="TextureRect" parent="Hintergrund/Rand/InfoBox/TextRand/VBoxContainer/HBoxContainer"]
margin_left = 642.0
margin_right = 706.0
margin_bottom = 64.0
texture = ExtResource( 9 )

[node name="TextureRect5" type="TextureRect" parent="Hintergrund/Rand/InfoBox/TextRand/VBoxContainer/HBoxContainer"]
margin_left = 711.0
margin_right = 775.0
margin_bottom = 64.0
texture = ExtResource( 5 )

[node name="TextureRect6" type="TextureRect" parent="Hintergrund/Rand/InfoBox/TextRand/VBoxContainer/HBoxContainer"]
margin_left = 780.0
margin_right = 844.0
margin_bottom = 64.0
texture = ExtResource( 8 )

[node name="HBoxContainer2" type="HBoxContainer" parent="Hintergrund/Rand/InfoBox/TextRand/VBoxContainer"]
margin_top = 238.0
margin_right = 1280.0
margin_bottom = 302.0
custom_constants/separation = 5
alignment = 1

[node name="TextureRect" type="TextureRect" parent="Hintergrund/Rand/InfoBox/TextRand/VBoxContainer/HBoxContainer2"]
margin_left = 366.0
margin_right = 430.0
margin_bottom = 64.0
texture = ExtResource( 4 )

[node name="TextureRect2" type="TextureRect" parent="Hintergrund/Rand/InfoBox/TextRand/VBoxContainer/HBoxContainer2"]
margin_left = 435.0
margin_right = 499.0
margin_bottom = 64.0
texture = ExtResource( 1 )

[node name="TextureRect3" type="TextureRect" parent="Hintergrund/Rand/InfoBox/TextRand/VBoxContainer/HBoxContainer2"]
margin_left = 504.0
margin_right = 568.0
margin_bottom = 64.0
texture = ExtResource( 8 )

[node name="TextureRect4" type="TextureRect" parent="Hintergrund/Rand/InfoBox/TextRand/VBoxContainer/HBoxContainer2"]
margin_left = 573.0
margin_right = 637.0
margin_bottom = 64.0
texture = ExtResource( 8 )

[node name="TextureRect5" type="TextureRect" parent="Hintergrund/Rand/InfoBox/TextRand/VBoxContainer/HBoxContainer2"]
margin_left = 642.0
margin_right = 706.0
margin_bottom = 64.0
texture = ExtResource( 2 )

[node name="TextureRect6" type="TextureRect" parent="Hintergrund/Rand/InfoBox/TextRand/VBoxContainer/HBoxContainer2"]
margin_left = 711.0
margin_right = 775.0
margin_bottom = 64.0
texture = ExtResource( 6 )

[node name="TextureRect7" type="TextureRect" parent="Hintergrund/Rand/InfoBox/TextRand/VBoxContainer/HBoxContainer2"]
margin_left = 780.0
margin_right = 844.0
margin_bottom = 64.0
texture = ExtResource( 5 )

[node name="TextureRect8" type="TextureRect" parent="Hintergrund/Rand/InfoBox/TextRand/VBoxContainer/HBoxContainer2"]
margin_left = 849.0
margin_right = 913.0
margin_bottom = 64.0
texture = ExtResource( 8 )

[node name="AuswahlRand" type="MarginContainer" parent="Hintergrund/Rand/InfoBox"]
margin_top = 431.0
margin_right = 1280.0
margin_bottom = 573.0
size_flags_vertical = 3

[node name="HBoxContainer" type="HBoxContainer" parent="Hintergrund/Rand/InfoBox/AuswahlRand"]
margin_right = 1280.0
margin_bottom = 142.0
custom_constants/separation = 50
alignment = 1

[node name="Label" type="Label" parent="Hintergrund/Rand/InfoBox/AuswahlRand/HBoxContainer"]
margin_left = 348.0
margin_top = 51.0
margin_right = 853.0
margin_bottom = 91.0
size_flags_horizontal = 4
custom_fonts/font = SubResource( 1 )
text = "Wie lang soll das gesuchte Wort sein?"
align = 1

[node name="WortlaengenAuswahl" type="OptionButton" parent="Hintergrund/Rand/InfoBox/AuswahlRand/HBoxContainer"]
unique_name_in_owner = true
margin_left = 903.0
margin_top = 51.0
margin_right = 932.0
margin_bottom = 90.0
size_flags_vertical = 4
custom_fonts/font = SubResource( 2 )

[node name="KnopfRand" type="MarginContainer" parent="Hintergrund/Rand/InfoBox"]
margin_top = 577.0
margin_right = 1280.0
margin_bottom = 720.0
size_flags_vertical = 3

[node name="StartButton" type="Button" parent="Hintergrund/Rand/InfoBox/KnopfRand"]
margin_left = 544.0
margin_top = 42.0
margin_right = 735.0
margin_bottom = 100.0
size_flags_horizontal = 4
size_flags_vertical = 4
custom_fonts/font = SubResource( 3 )
text = "Los geht's"

[connection signal="pressed" from="Hintergrund/Rand/InfoBox/KnopfRand/StartButton" to="." method="_on_StartButton_pressed"]
