[gd_scene load_steps=12 format=3 uid="uid://bqnav3mffipud"]

[ext_resource type="PackedScene" uid="uid://bqw3hqlb8hwxa" path="res://scenes/spielfeld.tscn" id="1_g5bfg"]
[ext_resource type="Script" path="res://scenes/main_game.gd" id="1_jrlrv"]
[ext_resource type="Texture2D" uid="uid://dq2yo8e8ilvl7" path="res://assets/SonarHunt-X.png" id="3_h87ox"]
[ext_resource type="Texture2D" uid="uid://dduexkvghplpi" path="res://assets/SonarHunt-SonarNumbers.png" id="4_74eqs"]

[sub_resource type="StyleBoxFlat" id="StyleBoxFlat_jg3fq"]
bg_color = Color(0.407843, 0.67451, 0.45098, 1)

[sub_resource type="StyleBoxFlat" id="StyleBoxFlat_fsxt4"]
bg_color = Color(0.407843, 0.67451, 0.45098, 1)

[sub_resource type="AtlasTexture" id="AtlasTexture_6npp7"]
atlas = ExtResource("4_74eqs")
region = Rect2(0, 0, 30, 30)

[sub_resource type="StyleBoxEmpty" id="StyleBoxEmpty_sdoxr"]

[sub_resource type="StyleBoxFlat" id="StyleBoxFlat_benqb"]
bg_color = Color(0.407843, 0.67451, 0.45098, 1)

[sub_resource type="StyleBoxEmpty" id="StyleBoxEmpty_n02tl"]

[sub_resource type="StyleBoxFlat" id="StyleBoxFlat_efrnw"]
bg_color = Color(0.407843, 0.67451, 0.45098, 1)

[node name="MainGame" type="Node"]
script = ExtResource("1_jrlrv")

[node name="BGPanel" type="Panel" parent="."]
z_index = -2
anchors_preset = 15
anchor_right = 1.0
anchor_bottom = 1.0
grow_horizontal = 2
grow_vertical = 2
mouse_filter = 2
theme_override_styles/panel = SubResource("StyleBoxFlat_jg3fq")

[node name="Spielfeld" parent="." instance=ExtResource("1_g5bfg")]
z_index = -1
position = Vector2(10, 17)

[node name="InfoPanel" type="Panel" parent="."]
offset_right = 170.0
offset_bottom = 49.0
mouse_filter = 1
theme_override_styles/panel = SubResource("StyleBoxFlat_fsxt4")

[node name="MarginContainer" type="MarginContainer" parent="InfoPanel"]
layout_mode = 1
anchors_preset = 15
anchor_right = 1.0
anchor_bottom = 1.0
grow_horizontal = 2
grow_vertical = 2
theme_override_constants/margin_left = 10
theme_override_constants/margin_top = 10
theme_override_constants/margin_right = 10
theme_override_constants/margin_bottom = 10

[node name="HBoxContainer" type="HBoxContainer" parent="InfoPanel/MarginContainer"]
layout_mode = 2

[node name="ChestTexture" type="TextureRect" parent="InfoPanel/MarginContainer/HBoxContainer"]
layout_mode = 2
texture = ExtResource("3_h87ox")
expand_mode = 3
stretch_mode = 5

[node name="ChestLabel" type="Label" parent="InfoPanel/MarginContainer/HBoxContainer"]
unique_name_in_owner = true
layout_mode = 2
text = "0 / 3"

[node name="SonarTexture" type="TextureRect" parent="InfoPanel/MarginContainer/HBoxContainer"]
layout_mode = 2
texture = SubResource("AtlasTexture_6npp7")

[node name="SonarLabel" type="Label" parent="InfoPanel/MarginContainer/HBoxContainer"]
unique_name_in_owner = true
layout_mode = 2
text = "0 / 20"

[node name="StartPanel" type="PanelContainer" parent="."]
anchors_preset = 15
anchor_right = 1.0
anchor_bottom = 1.0
grow_horizontal = 2
grow_vertical = 2
theme_override_styles/panel = SubResource("StyleBoxEmpty_sdoxr")

[node name="MarginContainer" type="MarginContainer" parent="StartPanel"]
layout_mode = 2
theme_override_constants/margin_left = 400
theme_override_constants/margin_top = 300
theme_override_constants/margin_right = 400
theme_override_constants/margin_bottom = 300

[node name="Panel" type="Panel" parent="StartPanel/MarginContainer"]
layout_mode = 2
theme_override_styles/panel = SubResource("StyleBoxFlat_benqb")

[node name="MarginContainer" type="MarginContainer" parent="StartPanel/MarginContainer/Panel"]
layout_mode = 1
anchors_preset = 15
anchor_right = 1.0
anchor_bottom = 1.0
grow_horizontal = 2
grow_vertical = 2

[node name="VBoxContainer" type="VBoxContainer" parent="StartPanel/MarginContainer/Panel/MarginContainer"]
layout_mode = 2
alignment = 1

[node name="Label" type="Label" parent="StartPanel/MarginContainer/Panel/MarginContainer/VBoxContainer"]
layout_mode = 2
text = "Finde alle Schatzkisten"
horizontal_alignment = 1
vertical_alignment = 1

[node name="StartButton" type="Button" parent="StartPanel/MarginContainer/Panel/MarginContainer/VBoxContainer"]
layout_mode = 2
size_flags_horizontal = 4
text = "START"

[node name="EndPanel" type="PanelContainer" parent="."]
visible = false
anchors_preset = 15
anchor_right = 1.0
anchor_bottom = 1.0
grow_horizontal = 2
grow_vertical = 2
theme_override_styles/panel = SubResource("StyleBoxEmpty_n02tl")

[node name="MarginContainer" type="MarginContainer" parent="EndPanel"]
layout_mode = 2
theme_override_constants/margin_left = 400
theme_override_constants/margin_top = 300
theme_override_constants/margin_right = 400
theme_override_constants/margin_bottom = 300

[node name="Panel" type="Panel" parent="EndPanel/MarginContainer"]
layout_mode = 2
theme_override_styles/panel = SubResource("StyleBoxFlat_efrnw")

[node name="VBoxContainer" type="VBoxContainer" parent="EndPanel/MarginContainer/Panel"]
layout_mode = 1
anchors_preset = 15
anchor_right = 1.0
anchor_bottom = 1.0
grow_horizontal = 2
grow_vertical = 2
alignment = 1

[node name="EndGameLabel" type="Label" parent="EndPanel/MarginContainer/Panel/VBoxContainer"]
unique_name_in_owner = true
layout_mode = 2
horizontal_alignment = 1
vertical_alignment = 1

[node name="RestartButton" type="Button" parent="EndPanel/MarginContainer/Panel/VBoxContainer"]
layout_mode = 2
size_flags_horizontal = 4
text = "Noch Einmal!"

[connection signal="mouse_entered" from="InfoPanel" to="." method="_on_info_panel_mouse_entered"]
[connection signal="mouse_exited" from="InfoPanel" to="." method="_on_info_panel_mouse_exited"]
[connection signal="pressed" from="StartPanel/MarginContainer/Panel/MarginContainer/VBoxContainer/StartButton" to="." method="_on_start_button_pressed"]
[connection signal="pressed" from="EndPanel/MarginContainer/Panel/VBoxContainer/RestartButton" to="." method="_on_restart_button_pressed"]
