[gd_scene load_steps=9 format=3 uid="uid://di7x7et077mmf"]

[ext_resource type="Script" path="res://scenes/PostGame.gd" id="1_jfxjc"]
[ext_resource type="Theme" uid="uid://caj3an8e0a11n" path="res://ressources/reversi-theme.tres" id="2_wkamy"]
[ext_resource type="FontVariation" uid="uid://bjao2v5ia5hij" path="res://ressources/inter-800.tres" id="3_kgk8t"]
[ext_resource type="Texture2D" uid="uid://bntb1o4pryt7p" path="res://assets/Counter-H-Back.png" id="4_hjhhk"]
[ext_resource type="FontFile" uid="uid://cnwixb5egiae1" path="res://ressources/Inter-VariableFont_slnt,wght.ttf" id="5_vwj65"]
[ext_resource type="Texture2D" uid="uid://c24kgojjgs8cq" path="res://assets/CounterD-Bckg.png" id="6_onrd0"]
[ext_resource type="Texture2D" uid="uid://brpwqsywppsux" path="res://assets/Start_Bckgpre.svg" id="7_4u1nj"]

[sub_resource type="FontVariation" id="FontVariation_jhv8k"]
base_font = ExtResource("5_vwj65")
variation_opentype = {
1936486004: null,
2003265652: 200
}

[node name="PostGame" type="Control"]
visible = false
layout_mode = 3
anchors_preset = 15
anchor_right = 1.0
anchor_bottom = 1.0
grow_horizontal = 2
grow_vertical = 2
script = ExtResource("1_jfxjc")

[node name="PostBckgPanel" type="Panel" parent="."]
layout_mode = 1
anchors_preset = 15
anchor_right = 1.0
anchor_bottom = 1.0
grow_horizontal = 2
grow_vertical = 2
theme = ExtResource("2_wkamy")

[node name="PostMargin" type="MarginContainer" parent="."]
layout_mode = 1
anchors_preset = 15
anchor_right = 1.0
anchor_bottom = 1.0
grow_horizontal = 2
grow_vertical = 2

[node name="PostVBox" type="VBoxContainer" parent="PostMargin"]
layout_mode = 2

[node name="MarginContainer" type="MarginContainer" parent="PostMargin/PostVBox"]
layout_mode = 2
theme_override_constants/margin_top = 60
theme_override_constants/margin_bottom = 40

[node name="Titel" type="Label" parent="PostMargin/PostVBox/MarginContainer"]
layout_mode = 2
theme = ExtResource("2_wkamy")
theme_override_fonts/font = ExtResource("3_kgk8t")
theme_override_font_sizes/font_size = 150
text = "Spielende"
horizontal_alignment = 1
vertical_alignment = 1

[node name="MarginContainer2" type="MarginContainer" parent="PostMargin/PostVBox"]
layout_mode = 2
theme_override_constants/margin_bottom = 60

[node name="CounterHBox" type="HBoxContainer" parent="PostMargin/PostVBox/MarginContainer2"]
layout_mode = 2
theme_override_constants/separation = 100
alignment = 1

[node name="MarginContainer" type="MarginContainer" parent="PostMargin/PostVBox/MarginContainer2/CounterHBox"]
layout_mode = 2

[node name="TextureRect" type="TextureRect" parent="PostMargin/PostVBox/MarginContainer2/CounterHBox/MarginContainer"]
layout_mode = 2
texture = ExtResource("4_hjhhk")

[node name="HellLabel" type="Label" parent="PostMargin/PostVBox/MarginContainer2/CounterHBox/MarginContainer"]
unique_name_in_owner = true
layout_mode = 2
theme = ExtResource("2_wkamy")
theme_override_fonts/font = ExtResource("3_kgk8t")
theme_override_font_sizes/font_size = 96
text = "4"
horizontal_alignment = 1
vertical_alignment = 1

[node name="vs" type="Label" parent="PostMargin/PostVBox/MarginContainer2/CounterHBox"]
layout_mode = 2
theme = ExtResource("2_wkamy")
theme_override_fonts/font = SubResource("FontVariation_jhv8k")
theme_override_font_sizes/font_size = 30
text = "vs"

[node name="MarginContainer2" type="MarginContainer" parent="PostMargin/PostVBox/MarginContainer2/CounterHBox"]
layout_mode = 2

[node name="TextureRect" type="TextureRect" parent="PostMargin/PostVBox/MarginContainer2/CounterHBox/MarginContainer2"]
layout_mode = 2
texture = ExtResource("6_onrd0")

[node name="DunkelLabel" type="Label" parent="PostMargin/PostVBox/MarginContainer2/CounterHBox/MarginContainer2"]
unique_name_in_owner = true
layout_mode = 2
theme = ExtResource("2_wkamy")
theme_override_fonts/font = ExtResource("3_kgk8t")
theme_override_font_sizes/font_size = 96
text = "12"
horizontal_alignment = 1
vertical_alignment = 1

[node name="MarginContainer3" type="MarginContainer" parent="PostMargin/PostVBox"]
layout_mode = 2

[node name="HBoxContainer" type="HBoxContainer" parent="PostMargin/PostVBox/MarginContainer3"]
layout_mode = 2
theme_override_constants/separation = 100
alignment = 1

[node name="RestartButton" type="Button" parent="PostMargin/PostVBox/MarginContainer3/HBoxContainer"]
layout_mode = 2
theme = ExtResource("2_wkamy")
theme_override_fonts/font = ExtResource("3_kgk8t")
theme_override_font_sizes/font_size = 60
text = "Neu"
icon = ExtResource("7_4u1nj")
flat = true
icon_alignment = 1

[node name="EndButton" type="Button" parent="PostMargin/PostVBox/MarginContainer3/HBoxContainer"]
layout_mode = 2
theme = ExtResource("2_wkamy")
theme_override_fonts/font = ExtResource("3_kgk8t")
theme_override_font_sizes/font_size = 60
text = "Ende"
icon = ExtResource("7_4u1nj")
flat = true
icon_alignment = 1
