[gd_scene load_steps=33 format=3 uid="uid://bdg3x1dbwvndf"]

[ext_resource type="Theme" uid="uid://caj3an8e0a11n" path="res://ressources/reversi-theme.tres" id="1_3p22e"]
[ext_resource type="Script" path="res://scenes/reversi_game.gd" id="1_v7tu2"]
[ext_resource type="Texture2D" uid="uid://bntb1o4pryt7p" path="res://assets/Counter-H-Back.png" id="2_1cx8q"]
[ext_resource type="FontVariation" uid="uid://bjao2v5ia5hij" path="res://ressources/inter-800.tres" id="3_gbacv"]
[ext_resource type="Texture2D" uid="uid://dhfn0t6mhsg4w" path="res://assets/HT-H-Back.png" id="4_cpxin"]
[ext_resource type="FontVariation" uid="uid://ciit1xlnoknc" path="res://ressources/inter-700.tres" id="5_5q8al"]
[ext_resource type="FontVariation" uid="uid://csuta407c6gwx" path="res://ressources/inter-600.tres" id="6_pmgpb"]
[ext_resource type="Texture2D" uid="uid://c6ifs6aafwowt" path="res://assets/CB-Hell.png" id="7_baoko"]
[ext_resource type="Texture2D" uid="uid://b1frljk1sk2j7" path="res://assets/H-H-Back.png" id="8_f1vsi"]
[ext_resource type="ButtonGroup" uid="uid://rnl5rr1mfovr" path="res://ressources/LCB_button_group.tres" id="10_4vex4"]
[ext_resource type="Texture2D" uid="uid://c24kgojjgs8cq" path="res://assets/CounterD-Bckg.png" id="10_euj0k"]
[ext_resource type="Texture2D" uid="uid://c0yjljddyhjpd" path="res://assets/TileSheet01.png" id="11_1qdcj"]
[ext_resource type="Texture2D" uid="uid://cl5banc630vxc" path="res://assets/HT-D-Back.png" id="11_lpvxt"]
[ext_resource type="Texture2D" uid="uid://co04veo02d63w" path="res://assets/CB-Dunkel.png" id="12_fega0"]
[ext_resource type="FontVariation" uid="uid://dvlvcuhisejn0" path="res://ressources/inter-400.tres" id="12_fymqd"]
[ext_resource type="Texture2D" uid="uid://c4ai7dtib40j" path="res://assets/H-D-Back.png" id="13_rc874"]
[ext_resource type="ButtonGroup" uid="uid://wnsl0v4lqxgp" path="res://ressources/RCB_button_group.tres" id="18_bt50o"]
[ext_resource type="Script" path="res://scenes/PreGame.gd" id="18_ynbue"]
[ext_resource type="ButtonGroup" uid="uid://decrxotovy5at" path="res://ressources/PreGame_button_group.tres" id="19_7err0"]
[ext_resource type="Texture2D" uid="uid://b6j3nyry0gghp" path="res://assets/CB-Lightpre.svg" id="19_7uane"]
[ext_resource type="FontFile" uid="uid://cnwixb5egiae1" path="res://ressources/Inter-VariableFont_slnt,wght.ttf" id="19_qte07"]
[ext_resource type="Texture2D" uid="uid://brpwqsywppsux" path="res://assets/Start_Bckgpre.svg" id="20_bh54d"]
[ext_resource type="Texture2D" uid="uid://c1jj58pe13woo" path="res://assets/LightPressed.svg" id="20_ctsro"]
[ext_resource type="Texture2D" uid="uid://cq5y32ep6fc0t" path="res://assets/CB-Darkpre.svg" id="22_g3rwa"]
[ext_resource type="Texture2D" uid="uid://chthqhasrhrxv" path="res://assets/DarkPressed.svg" id="23_75el5"]
[ext_resource type="Script" path="res://scenes/PostGame.gd" id="26_xtwy0"]

[sub_resource type="TileMapPattern" id="TileMapPattern_fvdor"]
tile_data = PackedInt32Array(0, 1, 0, 65536, 1, 1, 1, 1, 1, 65537, 1, 0, 2, 1, 0, 65538, 1, 1, 3, 1, 1, 65539, 1, 0, 4, 1, 0, 65540, 1, 1, 5, 1, 1, 65541, 1, 0, 6, 1, 0, 65542, 1, 1)

[sub_resource type="TileMapPattern" id="TileMapPattern_j8twp"]
tile_data = PackedInt32Array(0, 0, 0, 65536, 65536, 0, 1, 65536, 0, 65537, 0, 0, 2, 0, 0, 65538, 65536, 0, 3, 65536, 0, 65539, 0, 0, 4, 0, 0, 65540, 65536, 0, 5, 65536, 0, 65541, 0, 0, 6, 0, 0, 65542, 65536, 0, 7, 65536, 0, 65543, 0, 0)

[sub_resource type="TileSetAtlasSource" id="TileSetAtlasSource_05pip"]
texture = ExtResource("11_1qdcj")
texture_region_size = Vector2i(75, 75)
0:0/0 = 0
1:0/0 = 0
0:1/0 = 0
1:1/0 = 0
0:2/0 = 0

[sub_resource type="TileSet" id="TileSet_id6ns"]
tile_size = Vector2i(75, 75)
sources/0 = SubResource("TileSetAtlasSource_05pip")
pattern_0 = SubResource("TileMapPattern_fvdor")
pattern_1 = SubResource("TileMapPattern_j8twp")

[sub_resource type="FontVariation" id="FontVariation_jhv8k"]
base_font = ExtResource("19_qte07")
variation_opentype = {
1936486004: null,
2003265652: 200
}

[sub_resource type="StyleBoxFlat" id="StyleBoxFlat_aytkk"]
bg_color = Color(0.654902, 0.788235, 0.341176, 1)
border_width_left = 1
border_width_top = 1
border_width_right = 1
border_width_bottom = 1
border_color = Color(0.192157, 0.207843, 0.290196, 1)
corner_radius_top_left = 5
corner_radius_top_right = 5
corner_radius_bottom_right = 5
corner_radius_bottom_left = 5

[node name="ReversiGame" type="Node"]
script = ExtResource("1_v7tu2")

[node name="BackgroundPanel" type="Panel" parent="."]
anchors_preset = 15
anchor_right = 1.0
anchor_bottom = 1.0
grow_horizontal = 2
grow_vertical = 2
mouse_filter = 1
theme = ExtResource("1_3p22e")

[node name="GameBoard" type="TileMap" parent="."]
unique_name_in_owner = true
position = Vector2(330, 60)
tile_set = SubResource("TileSet_id6ns")
format = 2
layer_0/name = "Brett"
layer_0/tile_data = PackedInt32Array(0, 0, 0, 2, 0, 0, 4, 0, 0, 6, 0, 0, 1, 65536, 0, 3, 65536, 0, 5, 65536, 0, 7, 65536, 0, 65537, 0, 0, 65539, 0, 0, 65541, 0, 0, 65543, 0, 0, 65536, 65536, 0, 65538, 65536, 0, 65540, 65536, 0, 65542, 65536, 0, 131072, 0, 0, 196608, 65536, 0, 131073, 65536, 0, 196609, 0, 0, 131074, 0, 0, 196610, 65536, 0, 131075, 65536, 0, 196611, 0, 0, 131076, 0, 0, 196612, 65536, 0, 131077, 65536, 0, 196613, 0, 0, 131078, 0, 0, 196614, 65536, 0, 131079, 65536, 0, 196615, 0, 0, 262144, 0, 0, 327680, 65536, 0, 262145, 65536, 0, 327681, 0, 0, 262146, 0, 0, 327682, 65536, 0, 262147, 65536, 0, 327683, 0, 0, 262148, 0, 0, 327684, 65536, 0, 262149, 65536, 0, 327685, 0, 0, 262150, 0, 0, 327686, 65536, 0, 262151, 65536, 0, 327687, 0, 0, 393216, 0, 0, 458752, 65536, 0, 393217, 65536, 0, 458753, 0, 0, 393218, 0, 0, 458754, 65536, 0, 393219, 65536, 0, 458755, 0, 0, 393220, 0, 0, 458756, 65536, 0, 393221, 65536, 0, 458757, 0, 0, 393222, 0, 0, 458758, 65536, 0, 393223, 65536, 0, 458759, 0, 0)
layer_1/name = "Steine"
layer_1/enabled = true
layer_1/modulate = Color(1, 1, 1, 1)
layer_1/y_sort_enabled = false
layer_1/y_sort_origin = 0
layer_1/z_index = 0
layer_1/tile_data = PackedInt32Array()
layer_2/name = "Hinweise"
layer_2/enabled = true
layer_2/modulate = Color(1, 1, 1, 1)
layer_2/y_sort_enabled = false
layer_2/y_sort_origin = 0
layer_2/z_index = 0
layer_2/tile_data = PackedInt32Array()

[node name="GameMargin" type="MarginContainer" parent="."]
anchors_preset = 15
anchor_right = 1.0
anchor_bottom = 1.0
grow_horizontal = 2
grow_vertical = 2
theme_override_constants/margin_left = 70
theme_override_constants/margin_top = 60
theme_override_constants/margin_right = 70
theme_override_constants/margin_bottom = 60

[node name="GameHBox" type="HBoxContainer" parent="GameMargin"]
layout_mode = 2
theme_override_constants/separation = 60

[node name="LeftMargin" type="MarginContainer" parent="GameMargin/GameHBox"]
layout_mode = 2

[node name="LeftVBox" type="VBoxContainer" parent="GameMargin/GameHBox/LeftMargin"]
layout_mode = 2

[node name="LCounterMargin" type="MarginContainer" parent="GameMargin/GameHBox/LeftMargin/LeftVBox"]
layout_mode = 2

[node name="LCounterTexture" type="TextureRect" parent="GameMargin/GameHBox/LeftMargin/LeftVBox/LCounterMargin"]
layout_mode = 2
texture = ExtResource("2_1cx8q")

[node name="LCounterLabel" type="Label" parent="GameMargin/GameHBox/LeftMargin/LeftVBox/LCounterMargin"]
unique_name_in_owner = true
layout_mode = 2
theme = ExtResource("1_3p22e")
theme_override_fonts/font = ExtResource("3_gbacv")
theme_override_font_sizes/font_size = 96
text = "0
"
horizontal_alignment = 1
vertical_alignment = 1

[node name="LHintMargin" type="MarginContainer" parent="GameMargin/GameHBox/LeftMargin/LeftVBox"]
layout_mode = 2
theme_override_constants/margin_top = 150

[node name="LHintVBox" type="VBoxContainer" parent="GameMargin/GameHBox/LeftMargin/LeftVBox/LHintMargin"]
layout_mode = 2

[node name="LHintLabelMargin" type="MarginContainer" parent="GameMargin/GameHBox/LeftMargin/LeftVBox/LHintMargin/LHintVBox"]
layout_mode = 2

[node name="LHintTexture" type="TextureRect" parent="GameMargin/GameHBox/LeftMargin/LeftVBox/LHintMargin/LHintVBox/LHintLabelMargin"]
layout_mode = 2
texture = ExtResource("4_cpxin")

[node name="LHintLabel" type="Label" parent="GameMargin/GameHBox/LeftMargin/LeftVBox/LHintMargin/LHintVBox/LHintLabelMargin"]
unique_name_in_owner = true
layout_mode = 2
theme = ExtResource("1_3p22e")
theme_override_fonts/font = ExtResource("5_5q8al")
theme_override_font_sizes/font_size = 30
text = "AI"
horizontal_alignment = 1
vertical_alignment = 1

[node name="LHintCBMargin" type="MarginContainer" parent="GameMargin/GameHBox/LeftMargin/LeftVBox/LHintMargin/LHintVBox"]
unique_name_in_owner = true
layout_mode = 2
theme_override_constants/margin_left = 30
theme_override_constants/margin_top = 10
theme_override_constants/margin_right = 30

[node name="LCBVBox" type="VBoxContainer" parent="GameMargin/GameHBox/LeftMargin/LeftVBox/LHintMargin/LHintVBox/LHintCBMargin"]
layout_mode = 2

[node name="L0CB" type="CheckBox" parent="GameMargin/GameHBox/LeftMargin/LeftVBox/LHintMargin/LHintVBox/LHintCBMargin/LCBVBox"]
layout_mode = 2
theme = ExtResource("1_3p22e")
theme_override_fonts/font = ExtResource("6_pmgpb")
theme_override_font_sizes/font_size = 20
theme_override_icons/radio_checked = ExtResource("7_baoko")
theme_override_icons/radio_unchecked = ExtResource("8_f1vsi")
button_pressed = true
button_group = ExtResource("10_4vex4")
text = "keine"
alignment = 1

[node name="L1CB" type="CheckBox" parent="GameMargin/GameHBox/LeftMargin/LeftVBox/LHintMargin/LHintVBox/LHintCBMargin/LCBVBox"]
layout_mode = 2
theme = ExtResource("1_3p22e")
theme_override_fonts/font = ExtResource("6_pmgpb")
theme_override_font_sizes/font_size = 20
theme_override_icons/radio_checked = ExtResource("7_baoko")
theme_override_icons/radio_unchecked = ExtResource("8_f1vsi")
button_group = ExtResource("10_4vex4")
text = "Felder"
alignment = 1

[node name="L2CB" type="CheckBox" parent="GameMargin/GameHBox/LeftMargin/LeftVBox/LHintMargin/LHintVBox/LHintCBMargin/LCBVBox"]
layout_mode = 2
theme = ExtResource("1_3p22e")
theme_override_fonts/font = ExtResource("6_pmgpb")
theme_override_font_sizes/font_size = 20
theme_override_icons/radio_checked = ExtResource("7_baoko")
theme_override_icons/radio_unchecked = ExtResource("8_f1vsi")
button_group = ExtResource("10_4vex4")
text = "Ecken"
alignment = 1

[node name="L3CB" type="CheckBox" parent="GameMargin/GameHBox/LeftMargin/LeftVBox/LHintMargin/LHintVBox/LHintCBMargin/LCBVBox"]
layout_mode = 2
theme = ExtResource("1_3p22e")
theme_override_fonts/font = ExtResource("6_pmgpb")
theme_override_icons/radio_checked = ExtResource("7_baoko")
theme_override_icons/radio_unchecked = ExtResource("8_f1vsi")
button_group = ExtResource("10_4vex4")
text = "Werte"
alignment = 1

[node name="BoardMargin" type="MarginContainer" parent="GameMargin/GameHBox"]
custom_minimum_size = Vector2(600, 600)
layout_mode = 2

[node name="GridContainer" type="GridContainer" parent="GameMargin/GameHBox/BoardMargin"]
custom_minimum_size = Vector2(600, 600)
layout_mode = 2
theme_override_constants/h_separation = 0
theme_override_constants/v_separation = 0
columns = 8

[node name="Label00" type="Label" parent="GameMargin/GameHBox/BoardMargin/GridContainer" groups=["hint_labels"]]
unique_name_in_owner = true
visible = false
custom_minimum_size = Vector2(75, 75)
layout_mode = 2
theme = ExtResource("1_3p22e")
theme_override_fonts/font = ExtResource("12_fymqd")
theme_override_font_sizes/font_size = 40
text = "00"
horizontal_alignment = 1
vertical_alignment = 1

[node name="Label01" type="Label" parent="GameMargin/GameHBox/BoardMargin/GridContainer" groups=["hint_labels"]]
unique_name_in_owner = true
visible = false
custom_minimum_size = Vector2(75, 75)
layout_mode = 2
theme = ExtResource("1_3p22e")
theme_override_fonts/font = ExtResource("12_fymqd")
theme_override_font_sizes/font_size = 40
text = "00"
horizontal_alignment = 1
vertical_alignment = 1

[node name="Label02" type="Label" parent="GameMargin/GameHBox/BoardMargin/GridContainer" groups=["hint_labels"]]
unique_name_in_owner = true
visible = false
custom_minimum_size = Vector2(75, 75)
layout_mode = 2
theme = ExtResource("1_3p22e")
theme_override_fonts/font = ExtResource("12_fymqd")
theme_override_font_sizes/font_size = 40
text = "00"
horizontal_alignment = 1
vertical_alignment = 1

[node name="Label03" type="Label" parent="GameMargin/GameHBox/BoardMargin/GridContainer" groups=["hint_labels"]]
unique_name_in_owner = true
visible = false
custom_minimum_size = Vector2(75, 75)
layout_mode = 2
theme = ExtResource("1_3p22e")
theme_override_fonts/font = ExtResource("12_fymqd")
theme_override_font_sizes/font_size = 40
text = "00"
horizontal_alignment = 1
vertical_alignment = 1

[node name="Label04" type="Label" parent="GameMargin/GameHBox/BoardMargin/GridContainer" groups=["hint_labels"]]
unique_name_in_owner = true
visible = false
custom_minimum_size = Vector2(75, 75)
layout_mode = 2
theme = ExtResource("1_3p22e")
theme_override_fonts/font = ExtResource("12_fymqd")
theme_override_font_sizes/font_size = 40
text = "00"
horizontal_alignment = 1
vertical_alignment = 1

[node name="Label05" type="Label" parent="GameMargin/GameHBox/BoardMargin/GridContainer" groups=["hint_labels"]]
unique_name_in_owner = true
visible = false
custom_minimum_size = Vector2(75, 75)
layout_mode = 2
theme = ExtResource("1_3p22e")
theme_override_fonts/font = ExtResource("12_fymqd")
theme_override_font_sizes/font_size = 40
text = "00"
horizontal_alignment = 1
vertical_alignment = 1

[node name="Label06" type="Label" parent="GameMargin/GameHBox/BoardMargin/GridContainer" groups=["hint_labels"]]
unique_name_in_owner = true
visible = false
custom_minimum_size = Vector2(75, 75)
layout_mode = 2
theme = ExtResource("1_3p22e")
theme_override_fonts/font = ExtResource("12_fymqd")
theme_override_font_sizes/font_size = 40
text = "00"
horizontal_alignment = 1
vertical_alignment = 1

[node name="Label07" type="Label" parent="GameMargin/GameHBox/BoardMargin/GridContainer" groups=["hint_labels"]]
unique_name_in_owner = true
visible = false
custom_minimum_size = Vector2(75, 75)
layout_mode = 2
theme = ExtResource("1_3p22e")
theme_override_fonts/font = ExtResource("12_fymqd")
theme_override_font_sizes/font_size = 40
text = "00"
horizontal_alignment = 1
vertical_alignment = 1

[node name="Label08" type="Label" parent="GameMargin/GameHBox/BoardMargin/GridContainer" groups=["hint_labels"]]
unique_name_in_owner = true
visible = false
custom_minimum_size = Vector2(75, 75)
layout_mode = 2
theme = ExtResource("1_3p22e")
theme_override_fonts/font = ExtResource("12_fymqd")
theme_override_font_sizes/font_size = 40
text = "00"
horizontal_alignment = 1
vertical_alignment = 1

[node name="Label09" type="Label" parent="GameMargin/GameHBox/BoardMargin/GridContainer" groups=["hint_labels"]]
unique_name_in_owner = true
visible = false
custom_minimum_size = Vector2(75, 75)
layout_mode = 2
theme = ExtResource("1_3p22e")
theme_override_fonts/font = ExtResource("12_fymqd")
theme_override_font_sizes/font_size = 40
text = "00"
horizontal_alignment = 1
vertical_alignment = 1

[node name="Label10" type="Label" parent="GameMargin/GameHBox/BoardMargin/GridContainer" groups=["hint_labels"]]
unique_name_in_owner = true
visible = false
custom_minimum_size = Vector2(75, 75)
layout_mode = 2
theme = ExtResource("1_3p22e")
theme_override_fonts/font = ExtResource("12_fymqd")
theme_override_font_sizes/font_size = 40
text = "00"
horizontal_alignment = 1
vertical_alignment = 1

[node name="Label11" type="Label" parent="GameMargin/GameHBox/BoardMargin/GridContainer" groups=["hint_labels"]]
unique_name_in_owner = true
visible = false
custom_minimum_size = Vector2(75, 75)
layout_mode = 2
theme = ExtResource("1_3p22e")
theme_override_fonts/font = ExtResource("12_fymqd")
theme_override_font_sizes/font_size = 40
text = "00"
horizontal_alignment = 1
vertical_alignment = 1

[node name="Label12" type="Label" parent="GameMargin/GameHBox/BoardMargin/GridContainer" groups=["hint_labels"]]
unique_name_in_owner = true
visible = false
custom_minimum_size = Vector2(75, 75)
layout_mode = 2
theme = ExtResource("1_3p22e")
theme_override_fonts/font = ExtResource("12_fymqd")
theme_override_font_sizes/font_size = 40
text = "00"
horizontal_alignment = 1
vertical_alignment = 1

[node name="Label13" type="Label" parent="GameMargin/GameHBox/BoardMargin/GridContainer" groups=["hint_labels"]]
unique_name_in_owner = true
visible = false
custom_minimum_size = Vector2(75, 75)
layout_mode = 2
theme = ExtResource("1_3p22e")
theme_override_fonts/font = ExtResource("12_fymqd")
theme_override_font_sizes/font_size = 40
text = "00"
horizontal_alignment = 1
vertical_alignment = 1

[node name="Label14" type="Label" parent="GameMargin/GameHBox/BoardMargin/GridContainer" groups=["hint_labels"]]
unique_name_in_owner = true
visible = false
custom_minimum_size = Vector2(75, 75)
layout_mode = 2
theme = ExtResource("1_3p22e")
theme_override_fonts/font = ExtResource("12_fymqd")
theme_override_font_sizes/font_size = 40
text = "00"
horizontal_alignment = 1
vertical_alignment = 1

[node name="Label15" type="Label" parent="GameMargin/GameHBox/BoardMargin/GridContainer" groups=["hint_labels"]]
unique_name_in_owner = true
visible = false
custom_minimum_size = Vector2(75, 75)
layout_mode = 2
theme = ExtResource("1_3p22e")
theme_override_fonts/font = ExtResource("12_fymqd")
theme_override_font_sizes/font_size = 40
text = "00"
horizontal_alignment = 1
vertical_alignment = 1

[node name="Label16" type="Label" parent="GameMargin/GameHBox/BoardMargin/GridContainer" groups=["hint_labels"]]
unique_name_in_owner = true
visible = false
custom_minimum_size = Vector2(75, 75)
layout_mode = 2
theme = ExtResource("1_3p22e")
theme_override_fonts/font = ExtResource("12_fymqd")
theme_override_font_sizes/font_size = 40
text = "00"
horizontal_alignment = 1
vertical_alignment = 1

[node name="Label17" type="Label" parent="GameMargin/GameHBox/BoardMargin/GridContainer" groups=["hint_labels"]]
unique_name_in_owner = true
visible = false
custom_minimum_size = Vector2(75, 75)
layout_mode = 2
theme = ExtResource("1_3p22e")
theme_override_fonts/font = ExtResource("12_fymqd")
theme_override_font_sizes/font_size = 40
text = "00"
horizontal_alignment = 1
vertical_alignment = 1

[node name="Label18" type="Label" parent="GameMargin/GameHBox/BoardMargin/GridContainer" groups=["hint_labels"]]
unique_name_in_owner = true
visible = false
custom_minimum_size = Vector2(75, 75)
layout_mode = 2
theme = ExtResource("1_3p22e")
theme_override_fonts/font = ExtResource("12_fymqd")
theme_override_font_sizes/font_size = 40
text = "00"
horizontal_alignment = 1
vertical_alignment = 1

[node name="Label19" type="Label" parent="GameMargin/GameHBox/BoardMargin/GridContainer" groups=["hint_labels"]]
unique_name_in_owner = true
visible = false
custom_minimum_size = Vector2(75, 75)
layout_mode = 2
theme = ExtResource("1_3p22e")
theme_override_fonts/font = ExtResource("12_fymqd")
theme_override_font_sizes/font_size = 40
text = "00"
horizontal_alignment = 1
vertical_alignment = 1

[node name="Label20" type="Label" parent="GameMargin/GameHBox/BoardMargin/GridContainer" groups=["hint_labels"]]
unique_name_in_owner = true
visible = false
custom_minimum_size = Vector2(75, 75)
layout_mode = 2
theme = ExtResource("1_3p22e")
theme_override_fonts/font = ExtResource("12_fymqd")
theme_override_font_sizes/font_size = 40
text = "00"
horizontal_alignment = 1
vertical_alignment = 1

[node name="Label21" type="Label" parent="GameMargin/GameHBox/BoardMargin/GridContainer" groups=["hint_labels"]]
unique_name_in_owner = true
visible = false
custom_minimum_size = Vector2(75, 75)
layout_mode = 2
theme = ExtResource("1_3p22e")
theme_override_fonts/font = ExtResource("12_fymqd")
theme_override_font_sizes/font_size = 40
text = "00"
horizontal_alignment = 1
vertical_alignment = 1

[node name="Label22" type="Label" parent="GameMargin/GameHBox/BoardMargin/GridContainer" groups=["hint_labels"]]
unique_name_in_owner = true
visible = false
custom_minimum_size = Vector2(75, 75)
layout_mode = 2
theme = ExtResource("1_3p22e")
theme_override_fonts/font = ExtResource("12_fymqd")
theme_override_font_sizes/font_size = 40
text = "00"
horizontal_alignment = 1
vertical_alignment = 1

[node name="Label23" type="Label" parent="GameMargin/GameHBox/BoardMargin/GridContainer" groups=["hint_labels"]]
unique_name_in_owner = true
visible = false
custom_minimum_size = Vector2(75, 75)
layout_mode = 2
theme = ExtResource("1_3p22e")
theme_override_fonts/font = ExtResource("12_fymqd")
theme_override_font_sizes/font_size = 40
text = "00"
horizontal_alignment = 1
vertical_alignment = 1

[node name="Label24" type="Label" parent="GameMargin/GameHBox/BoardMargin/GridContainer" groups=["hint_labels"]]
unique_name_in_owner = true
visible = false
custom_minimum_size = Vector2(75, 75)
layout_mode = 2
theme = ExtResource("1_3p22e")
theme_override_fonts/font = ExtResource("12_fymqd")
theme_override_font_sizes/font_size = 40
text = "00"
horizontal_alignment = 1
vertical_alignment = 1

[node name="Label25" type="Label" parent="GameMargin/GameHBox/BoardMargin/GridContainer" groups=["hint_labels"]]
unique_name_in_owner = true
visible = false
custom_minimum_size = Vector2(75, 75)
layout_mode = 2
theme = ExtResource("1_3p22e")
theme_override_fonts/font = ExtResource("12_fymqd")
theme_override_font_sizes/font_size = 40
text = "00"
horizontal_alignment = 1
vertical_alignment = 1

[node name="Label26" type="Label" parent="GameMargin/GameHBox/BoardMargin/GridContainer" groups=["hint_labels"]]
unique_name_in_owner = true
visible = false
custom_minimum_size = Vector2(75, 75)
layout_mode = 2
theme = ExtResource("1_3p22e")
theme_override_fonts/font = ExtResource("12_fymqd")
theme_override_font_sizes/font_size = 40
text = "00"
horizontal_alignment = 1
vertical_alignment = 1

[node name="Label27" type="Label" parent="GameMargin/GameHBox/BoardMargin/GridContainer" groups=["hint_labels"]]
unique_name_in_owner = true
visible = false
custom_minimum_size = Vector2(75, 75)
layout_mode = 2
theme = ExtResource("1_3p22e")
theme_override_fonts/font = ExtResource("12_fymqd")
theme_override_font_sizes/font_size = 40
text = "00"
horizontal_alignment = 1
vertical_alignment = 1

[node name="Label28" type="Label" parent="GameMargin/GameHBox/BoardMargin/GridContainer" groups=["hint_labels"]]
unique_name_in_owner = true
visible = false
custom_minimum_size = Vector2(75, 75)
layout_mode = 2
theme = ExtResource("1_3p22e")
theme_override_fonts/font = ExtResource("12_fymqd")
theme_override_font_sizes/font_size = 40
text = "00"
horizontal_alignment = 1
vertical_alignment = 1

[node name="Label29" type="Label" parent="GameMargin/GameHBox/BoardMargin/GridContainer" groups=["hint_labels"]]
unique_name_in_owner = true
visible = false
custom_minimum_size = Vector2(75, 75)
layout_mode = 2
theme = ExtResource("1_3p22e")
theme_override_fonts/font = ExtResource("12_fymqd")
theme_override_font_sizes/font_size = 40
text = "00"
horizontal_alignment = 1
vertical_alignment = 1

[node name="Label30" type="Label" parent="GameMargin/GameHBox/BoardMargin/GridContainer" groups=["hint_labels"]]
unique_name_in_owner = true
visible = false
custom_minimum_size = Vector2(75, 75)
layout_mode = 2
theme = ExtResource("1_3p22e")
theme_override_fonts/font = ExtResource("12_fymqd")
theme_override_font_sizes/font_size = 40
text = "00"
horizontal_alignment = 1
vertical_alignment = 1

[node name="Label31" type="Label" parent="GameMargin/GameHBox/BoardMargin/GridContainer" groups=["hint_labels"]]
unique_name_in_owner = true
visible = false
custom_minimum_size = Vector2(75, 75)
layout_mode = 2
theme = ExtResource("1_3p22e")
theme_override_fonts/font = ExtResource("12_fymqd")
theme_override_font_sizes/font_size = 40
text = "00"
horizontal_alignment = 1
vertical_alignment = 1

[node name="Label32" type="Label" parent="GameMargin/GameHBox/BoardMargin/GridContainer" groups=["hint_labels"]]
unique_name_in_owner = true
visible = false
custom_minimum_size = Vector2(75, 75)
layout_mode = 2
theme = ExtResource("1_3p22e")
theme_override_fonts/font = ExtResource("12_fymqd")
theme_override_font_sizes/font_size = 40
text = "00"
horizontal_alignment = 1
vertical_alignment = 1

[node name="Label33" type="Label" parent="GameMargin/GameHBox/BoardMargin/GridContainer" groups=["hint_labels"]]
unique_name_in_owner = true
visible = false
custom_minimum_size = Vector2(75, 75)
layout_mode = 2
theme = ExtResource("1_3p22e")
theme_override_fonts/font = ExtResource("12_fymqd")
theme_override_font_sizes/font_size = 40
text = "00"
horizontal_alignment = 1
vertical_alignment = 1

[node name="Label34" type="Label" parent="GameMargin/GameHBox/BoardMargin/GridContainer" groups=["hint_labels"]]
unique_name_in_owner = true
visible = false
custom_minimum_size = Vector2(75, 75)
layout_mode = 2
theme = ExtResource("1_3p22e")
theme_override_fonts/font = ExtResource("12_fymqd")
theme_override_font_sizes/font_size = 40
text = "00"
horizontal_alignment = 1
vertical_alignment = 1

[node name="Label35" type="Label" parent="GameMargin/GameHBox/BoardMargin/GridContainer" groups=["hint_labels"]]
unique_name_in_owner = true
visible = false
custom_minimum_size = Vector2(75, 75)
layout_mode = 2
theme = ExtResource("1_3p22e")
theme_override_fonts/font = ExtResource("12_fymqd")
theme_override_font_sizes/font_size = 40
text = "00"
horizontal_alignment = 1
vertical_alignment = 1

[node name="Label36" type="Label" parent="GameMargin/GameHBox/BoardMargin/GridContainer" groups=["hint_labels"]]
unique_name_in_owner = true
visible = false
custom_minimum_size = Vector2(75, 75)
layout_mode = 2
theme = ExtResource("1_3p22e")
theme_override_fonts/font = ExtResource("12_fymqd")
theme_override_font_sizes/font_size = 40
text = "00"
horizontal_alignment = 1
vertical_alignment = 1

[node name="Label37" type="Label" parent="GameMargin/GameHBox/BoardMargin/GridContainer" groups=["hint_labels"]]
unique_name_in_owner = true
visible = false
custom_minimum_size = Vector2(75, 75)
layout_mode = 2
theme = ExtResource("1_3p22e")
theme_override_fonts/font = ExtResource("12_fymqd")
theme_override_font_sizes/font_size = 40
text = "00"
horizontal_alignment = 1
vertical_alignment = 1

[node name="Label38" type="Label" parent="GameMargin/GameHBox/BoardMargin/GridContainer" groups=["hint_labels"]]
unique_name_in_owner = true
visible = false
custom_minimum_size = Vector2(75, 75)
layout_mode = 2
theme = ExtResource("1_3p22e")
theme_override_fonts/font = ExtResource("12_fymqd")
theme_override_font_sizes/font_size = 40
text = "00"
horizontal_alignment = 1
vertical_alignment = 1

[node name="Label39" type="Label" parent="GameMargin/GameHBox/BoardMargin/GridContainer" groups=["hint_labels"]]
unique_name_in_owner = true
visible = false
custom_minimum_size = Vector2(75, 75)
layout_mode = 2
theme = ExtResource("1_3p22e")
theme_override_fonts/font = ExtResource("12_fymqd")
theme_override_font_sizes/font_size = 40
text = "00"
horizontal_alignment = 1
vertical_alignment = 1

[node name="Label40" type="Label" parent="GameMargin/GameHBox/BoardMargin/GridContainer" groups=["hint_labels"]]
unique_name_in_owner = true
visible = false
custom_minimum_size = Vector2(75, 75)
layout_mode = 2
theme = ExtResource("1_3p22e")
theme_override_fonts/font = ExtResource("12_fymqd")
theme_override_font_sizes/font_size = 40
text = "00"
horizontal_alignment = 1
vertical_alignment = 1

[node name="Label41" type="Label" parent="GameMargin/GameHBox/BoardMargin/GridContainer" groups=["hint_labels"]]
unique_name_in_owner = true
visible = false
custom_minimum_size = Vector2(75, 75)
layout_mode = 2
theme = ExtResource("1_3p22e")
theme_override_fonts/font = ExtResource("12_fymqd")
theme_override_font_sizes/font_size = 40
text = "00"
horizontal_alignment = 1
vertical_alignment = 1

[node name="Label42" type="Label" parent="GameMargin/GameHBox/BoardMargin/GridContainer" groups=["hint_labels"]]
unique_name_in_owner = true
visible = false
custom_minimum_size = Vector2(75, 75)
layout_mode = 2
theme = ExtResource("1_3p22e")
theme_override_fonts/font = ExtResource("12_fymqd")
theme_override_font_sizes/font_size = 40
text = "00"
horizontal_alignment = 1
vertical_alignment = 1

[node name="Label43" type="Label" parent="GameMargin/GameHBox/BoardMargin/GridContainer" groups=["hint_labels"]]
unique_name_in_owner = true
visible = false
custom_minimum_size = Vector2(75, 75)
layout_mode = 2
theme = ExtResource("1_3p22e")
theme_override_fonts/font = ExtResource("12_fymqd")
theme_override_font_sizes/font_size = 40
text = "00"
horizontal_alignment = 1
vertical_alignment = 1

[node name="Label44" type="Label" parent="GameMargin/GameHBox/BoardMargin/GridContainer" groups=["hint_labels"]]
unique_name_in_owner = true
visible = false
custom_minimum_size = Vector2(75, 75)
layout_mode = 2
theme = ExtResource("1_3p22e")
theme_override_fonts/font = ExtResource("12_fymqd")
theme_override_font_sizes/font_size = 40
text = "00"
horizontal_alignment = 1
vertical_alignment = 1

[node name="Label45" type="Label" parent="GameMargin/GameHBox/BoardMargin/GridContainer" groups=["hint_labels"]]
unique_name_in_owner = true
visible = false
custom_minimum_size = Vector2(75, 75)
layout_mode = 2
theme = ExtResource("1_3p22e")
theme_override_fonts/font = ExtResource("12_fymqd")
theme_override_font_sizes/font_size = 40
text = "00"
horizontal_alignment = 1
vertical_alignment = 1

[node name="Label46" type="Label" parent="GameMargin/GameHBox/BoardMargin/GridContainer" groups=["hint_labels"]]
unique_name_in_owner = true
visible = false
custom_minimum_size = Vector2(75, 75)
layout_mode = 2
theme = ExtResource("1_3p22e")
theme_override_fonts/font = ExtResource("12_fymqd")
theme_override_font_sizes/font_size = 40
text = "00"
horizontal_alignment = 1
vertical_alignment = 1

[node name="Label47" type="Label" parent="GameMargin/GameHBox/BoardMargin/GridContainer" groups=["hint_labels"]]
unique_name_in_owner = true
visible = false
custom_minimum_size = Vector2(75, 75)
layout_mode = 2
theme = ExtResource("1_3p22e")
theme_override_fonts/font = ExtResource("12_fymqd")
theme_override_font_sizes/font_size = 40
text = "00"
horizontal_alignment = 1
vertical_alignment = 1

[node name="Label48" type="Label" parent="GameMargin/GameHBox/BoardMargin/GridContainer" groups=["hint_labels"]]
unique_name_in_owner = true
visible = false
custom_minimum_size = Vector2(75, 75)
layout_mode = 2
theme = ExtResource("1_3p22e")
theme_override_fonts/font = ExtResource("12_fymqd")
theme_override_font_sizes/font_size = 40
text = "00"
horizontal_alignment = 1
vertical_alignment = 1

[node name="Label49" type="Label" parent="GameMargin/GameHBox/BoardMargin/GridContainer" groups=["hint_labels"]]
unique_name_in_owner = true
visible = false
custom_minimum_size = Vector2(75, 75)
layout_mode = 2
theme = ExtResource("1_3p22e")
theme_override_fonts/font = ExtResource("12_fymqd")
theme_override_font_sizes/font_size = 40
text = "00"
horizontal_alignment = 1
vertical_alignment = 1

[node name="Label50" type="Label" parent="GameMargin/GameHBox/BoardMargin/GridContainer" groups=["hint_labels"]]
unique_name_in_owner = true
visible = false
custom_minimum_size = Vector2(75, 75)
layout_mode = 2
theme = ExtResource("1_3p22e")
theme_override_fonts/font = ExtResource("12_fymqd")
theme_override_font_sizes/font_size = 40
text = "00"
horizontal_alignment = 1
vertical_alignment = 1

[node name="Label51" type="Label" parent="GameMargin/GameHBox/BoardMargin/GridContainer" groups=["hint_labels"]]
unique_name_in_owner = true
visible = false
custom_minimum_size = Vector2(75, 75)
layout_mode = 2
theme = ExtResource("1_3p22e")
theme_override_fonts/font = ExtResource("12_fymqd")
theme_override_font_sizes/font_size = 40
text = "00"
horizontal_alignment = 1
vertical_alignment = 1

[node name="Label52" type="Label" parent="GameMargin/GameHBox/BoardMargin/GridContainer" groups=["hint_labels"]]
unique_name_in_owner = true
visible = false
custom_minimum_size = Vector2(75, 75)
layout_mode = 2
theme = ExtResource("1_3p22e")
theme_override_fonts/font = ExtResource("12_fymqd")
theme_override_font_sizes/font_size = 40
text = "00"
horizontal_alignment = 1
vertical_alignment = 1

[node name="Label53" type="Label" parent="GameMargin/GameHBox/BoardMargin/GridContainer" groups=["hint_labels"]]
unique_name_in_owner = true
visible = false
custom_minimum_size = Vector2(75, 75)
layout_mode = 2
theme = ExtResource("1_3p22e")
theme_override_fonts/font = ExtResource("12_fymqd")
theme_override_font_sizes/font_size = 40
text = "00"
horizontal_alignment = 1
vertical_alignment = 1

[node name="Label54" type="Label" parent="GameMargin/GameHBox/BoardMargin/GridContainer" groups=["hint_labels"]]
unique_name_in_owner = true
visible = false
custom_minimum_size = Vector2(75, 75)
layout_mode = 2
theme = ExtResource("1_3p22e")
theme_override_fonts/font = ExtResource("12_fymqd")
theme_override_font_sizes/font_size = 40
text = "00"
horizontal_alignment = 1
vertical_alignment = 1

[node name="Label55" type="Label" parent="GameMargin/GameHBox/BoardMargin/GridContainer" groups=["hint_labels"]]
unique_name_in_owner = true
visible = false
custom_minimum_size = Vector2(75, 75)
layout_mode = 2
theme = ExtResource("1_3p22e")
theme_override_fonts/font = ExtResource("12_fymqd")
theme_override_font_sizes/font_size = 40
text = "00"
horizontal_alignment = 1
vertical_alignment = 1

[node name="Label56" type="Label" parent="GameMargin/GameHBox/BoardMargin/GridContainer" groups=["hint_labels"]]
unique_name_in_owner = true
visible = false
custom_minimum_size = Vector2(75, 75)
layout_mode = 2
theme = ExtResource("1_3p22e")
theme_override_fonts/font = ExtResource("12_fymqd")
theme_override_font_sizes/font_size = 40
text = "00"
horizontal_alignment = 1
vertical_alignment = 1

[node name="Label57" type="Label" parent="GameMargin/GameHBox/BoardMargin/GridContainer" groups=["hint_labels"]]
unique_name_in_owner = true
visible = false
custom_minimum_size = Vector2(75, 75)
layout_mode = 2
theme = ExtResource("1_3p22e")
theme_override_fonts/font = ExtResource("12_fymqd")
theme_override_font_sizes/font_size = 40
text = "00"
horizontal_alignment = 1
vertical_alignment = 1

[node name="Label58" type="Label" parent="GameMargin/GameHBox/BoardMargin/GridContainer" groups=["hint_labels"]]
unique_name_in_owner = true
visible = false
custom_minimum_size = Vector2(75, 75)
layout_mode = 2
theme = ExtResource("1_3p22e")
theme_override_fonts/font = ExtResource("12_fymqd")
theme_override_font_sizes/font_size = 40
text = "00"
horizontal_alignment = 1
vertical_alignment = 1

[node name="Label59" type="Label" parent="GameMargin/GameHBox/BoardMargin/GridContainer" groups=["hint_labels"]]
unique_name_in_owner = true
visible = false
custom_minimum_size = Vector2(75, 75)
layout_mode = 2
theme = ExtResource("1_3p22e")
theme_override_fonts/font = ExtResource("12_fymqd")
theme_override_font_sizes/font_size = 40
text = "00"
horizontal_alignment = 1
vertical_alignment = 1

[node name="Label60" type="Label" parent="GameMargin/GameHBox/BoardMargin/GridContainer" groups=["hint_labels"]]
unique_name_in_owner = true
visible = false
custom_minimum_size = Vector2(75, 75)
layout_mode = 2
theme = ExtResource("1_3p22e")
theme_override_fonts/font = ExtResource("12_fymqd")
theme_override_font_sizes/font_size = 40
text = "00"
horizontal_alignment = 1
vertical_alignment = 1

[node name="Label61" type="Label" parent="GameMargin/GameHBox/BoardMargin/GridContainer" groups=["hint_labels"]]
unique_name_in_owner = true
visible = false
custom_minimum_size = Vector2(75, 75)
layout_mode = 2
theme = ExtResource("1_3p22e")
theme_override_fonts/font = ExtResource("12_fymqd")
theme_override_font_sizes/font_size = 40
text = "00"
horizontal_alignment = 1
vertical_alignment = 1

[node name="Label62" type="Label" parent="GameMargin/GameHBox/BoardMargin/GridContainer" groups=["hint_labels"]]
unique_name_in_owner = true
visible = false
custom_minimum_size = Vector2(75, 75)
layout_mode = 2
theme = ExtResource("1_3p22e")
theme_override_fonts/font = ExtResource("12_fymqd")
theme_override_font_sizes/font_size = 40
text = "00"
horizontal_alignment = 1
vertical_alignment = 1

[node name="Label63" type="Label" parent="GameMargin/GameHBox/BoardMargin/GridContainer" groups=["hint_labels"]]
unique_name_in_owner = true
visible = false
custom_minimum_size = Vector2(75, 75)
layout_mode = 2
theme = ExtResource("1_3p22e")
theme_override_fonts/font = ExtResource("12_fymqd")
theme_override_font_sizes/font_size = 40
text = "00"
horizontal_alignment = 1
vertical_alignment = 1

[node name="RightMargin" type="MarginContainer" parent="GameMargin/GameHBox"]
layout_mode = 2

[node name="RightVBox" type="VBoxContainer" parent="GameMargin/GameHBox/RightMargin"]
layout_mode = 2

[node name="RCounterMargin" type="MarginContainer" parent="GameMargin/GameHBox/RightMargin/RightVBox"]
layout_mode = 2

[node name="RCounterTexture" type="TextureRect" parent="GameMargin/GameHBox/RightMargin/RightVBox/RCounterMargin"]
layout_mode = 2
texture = ExtResource("10_euj0k")

[node name="RCounterLabel" type="Label" parent="GameMargin/GameHBox/RightMargin/RightVBox/RCounterMargin"]
unique_name_in_owner = true
layout_mode = 2
theme = ExtResource("1_3p22e")
theme_override_fonts/font = ExtResource("3_gbacv")
theme_override_font_sizes/font_size = 96
text = "0"
horizontal_alignment = 1
vertical_alignment = 1

[node name="RHintMargin" type="MarginContainer" parent="GameMargin/GameHBox/RightMargin/RightVBox"]
layout_mode = 2
theme_override_constants/margin_top = 150

[node name="RHintVBox" type="VBoxContainer" parent="GameMargin/GameHBox/RightMargin/RightVBox/RHintMargin"]
layout_mode = 2

[node name="RHintLabelMargin" type="MarginContainer" parent="GameMargin/GameHBox/RightMargin/RightVBox/RHintMargin/RHintVBox"]
layout_mode = 2

[node name="RHintTexture" type="TextureRect" parent="GameMargin/GameHBox/RightMargin/RightVBox/RHintMargin/RHintVBox/RHintLabelMargin"]
layout_mode = 2
texture = ExtResource("11_lpvxt")

[node name="RHintLabel" type="Label" parent="GameMargin/GameHBox/RightMargin/RightVBox/RHintMargin/RHintVBox/RHintLabelMargin"]
unique_name_in_owner = true
layout_mode = 2
theme = ExtResource("1_3p22e")
theme_override_fonts/font = ExtResource("5_5q8al")
theme_override_font_sizes/font_size = 30
text = "Hinweise"
horizontal_alignment = 1
vertical_alignment = 1

[node name="RHintCBMargin" type="MarginContainer" parent="GameMargin/GameHBox/RightMargin/RightVBox/RHintMargin/RHintVBox"]
unique_name_in_owner = true
layout_mode = 2
theme_override_constants/margin_left = 30
theme_override_constants/margin_top = 10
theme_override_constants/margin_right = 30

[node name="RCBVBox" type="VBoxContainer" parent="GameMargin/GameHBox/RightMargin/RightVBox/RHintMargin/RHintVBox/RHintCBMargin"]
layout_mode = 2

[node name="R0CB" type="CheckBox" parent="GameMargin/GameHBox/RightMargin/RightVBox/RHintMargin/RHintVBox/RHintCBMargin/RCBVBox"]
layout_mode = 2
theme = ExtResource("1_3p22e")
theme_override_fonts/font = ExtResource("6_pmgpb")
theme_override_icons/radio_checked = ExtResource("12_fega0")
theme_override_icons/radio_unchecked = ExtResource("13_rc874")
button_pressed = true
button_group = ExtResource("18_bt50o")
text = "keine"
alignment = 1

[node name="R1CB" type="CheckBox" parent="GameMargin/GameHBox/RightMargin/RightVBox/RHintMargin/RHintVBox/RHintCBMargin/RCBVBox"]
layout_mode = 2
theme = ExtResource("1_3p22e")
theme_override_fonts/font = ExtResource("6_pmgpb")
theme_override_icons/radio_checked = ExtResource("12_fega0")
theme_override_icons/radio_unchecked = ExtResource("13_rc874")
button_group = ExtResource("18_bt50o")
text = "Felder"
alignment = 1

[node name="R2CB" type="CheckBox" parent="GameMargin/GameHBox/RightMargin/RightVBox/RHintMargin/RHintVBox/RHintCBMargin/RCBVBox"]
layout_mode = 2
theme = ExtResource("1_3p22e")
theme_override_fonts/font = ExtResource("6_pmgpb")
theme_override_icons/radio_checked = ExtResource("12_fega0")
theme_override_icons/radio_unchecked = ExtResource("13_rc874")
button_group = ExtResource("18_bt50o")
text = "Ecken"
alignment = 1

[node name="R3CB" type="CheckBox" parent="GameMargin/GameHBox/RightMargin/RightVBox/RHintMargin/RHintVBox/RHintCBMargin/RCBVBox"]
layout_mode = 2
theme = ExtResource("1_3p22e")
theme_override_fonts/font = ExtResource("6_pmgpb")
theme_override_icons/radio_checked = ExtResource("12_fega0")
theme_override_icons/radio_unchecked = ExtResource("13_rc874")
button_group = ExtResource("18_bt50o")
text = "Werte"
alignment = 1

[node name="PreGame" type="Control" parent="."]
unique_name_in_owner = true
visible = false
layout_mode = 3
anchors_preset = 15
anchor_right = 1.0
anchor_bottom = 1.0
grow_horizontal = 2
grow_vertical = 2
script = ExtResource("18_ynbue")

[node name="PreBckgPanel" type="Panel" parent="PreGame"]
layout_mode = 1
anchors_preset = 15
anchor_right = 1.0
anchor_bottom = 1.0
grow_horizontal = 2
grow_vertical = 2
theme = ExtResource("1_3p22e")

[node name="PreMargin" type="MarginContainer" parent="PreGame"]
layout_mode = 1
anchors_preset = 15
anchor_right = 1.0
anchor_bottom = 1.0
grow_horizontal = 2
grow_vertical = 2

[node name="PreVBox" type="VBoxContainer" parent="PreGame/PreMargin"]
layout_mode = 2

[node name="MarginContainer" type="MarginContainer" parent="PreGame/PreMargin/PreVBox"]
layout_mode = 2
theme_override_constants/margin_top = 60
theme_override_constants/margin_bottom = 60

[node name="Titel" type="Label" parent="PreGame/PreMargin/PreVBox/MarginContainer"]
layout_mode = 2
theme = ExtResource("1_3p22e")
theme_override_fonts/font = ExtResource("3_gbacv")
theme_override_font_sizes/font_size = 150
text = "Reversi"
horizontal_alignment = 1
vertical_alignment = 1

[node name="MarginContainer2" type="MarginContainer" parent="PreGame/PreMargin/PreVBox"]
layout_mode = 2
theme_override_constants/margin_bottom = 100

[node name="ChoiceHBox" type="HBoxContainer" parent="PreGame/PreMargin/PreVBox/MarginContainer2"]
layout_mode = 2
alignment = 1

[node name="LightCB" type="TextureButton" parent="PreGame/PreMargin/PreVBox/MarginContainer2/ChoiceHBox"]
layout_mode = 2
size_flags_horizontal = 4
size_flags_vertical = 4
toggle_mode = true
button_pressed = true
button_group = ExtResource("19_7err0")
texture_normal = ExtResource("19_7uane")
texture_pressed = ExtResource("20_ctsro")
texture_hover = ExtResource("20_ctsro")
stretch_mode = 3

[node name="MarginContainer" type="MarginContainer" parent="PreGame/PreMargin/PreVBox/MarginContainer2/ChoiceHBox"]
layout_mode = 2
theme_override_constants/margin_left = 25
theme_override_constants/margin_right = 25

[node name="Choice" type="Label" parent="PreGame/PreMargin/PreVBox/MarginContainer2/ChoiceHBox/MarginContainer"]
layout_mode = 2
theme = ExtResource("1_3p22e")
theme_override_fonts/font = SubResource("FontVariation_jhv8k")
theme_override_font_sizes/font_size = 30
text = "wähle Deine Farbe"

[node name="DarkCB" type="TextureButton" parent="PreGame/PreMargin/PreVBox/MarginContainer2/ChoiceHBox"]
layout_mode = 2
toggle_mode = true
button_group = ExtResource("19_7err0")
texture_normal = ExtResource("22_g3rwa")
texture_pressed = ExtResource("23_75el5")
texture_hover = ExtResource("23_75el5")
stretch_mode = 3

[node name="StartButton" type="Button" parent="PreGame/PreMargin/PreVBox"]
layout_mode = 2
theme = ExtResource("1_3p22e")
theme_override_colors/font_color = Color(0.192157, 0.207843, 0.290196, 1)
theme_override_fonts/font = ExtResource("3_gbacv")
theme_override_font_sizes/font_size = 60
text = "Start"
icon = ExtResource("20_bh54d")
flat = true
icon_alignment = 1

[node name="PostGame" type="Control" parent="."]
unique_name_in_owner = true
visible = false
layout_mode = 3
anchors_preset = 15
anchor_right = 1.0
anchor_bottom = 1.0
grow_horizontal = 2
grow_vertical = 2
script = ExtResource("26_xtwy0")

[node name="PostBckgPanel" type="Panel" parent="PostGame"]
layout_mode = 1
anchors_preset = 15
anchor_right = 1.0
anchor_bottom = 1.0
grow_horizontal = 2
grow_vertical = 2
theme = ExtResource("1_3p22e")

[node name="PostMargin" type="MarginContainer" parent="PostGame"]
layout_mode = 1
anchors_preset = 15
anchor_right = 1.0
anchor_bottom = 1.0
grow_horizontal = 2
grow_vertical = 2

[node name="PostVBox" type="VBoxContainer" parent="PostGame/PostMargin"]
layout_mode = 2

[node name="MarginContainer" type="MarginContainer" parent="PostGame/PostMargin/PostVBox"]
layout_mode = 2
theme_override_constants/margin_top = 60
theme_override_constants/margin_bottom = 40

[node name="Titel" type="Label" parent="PostGame/PostMargin/PostVBox/MarginContainer"]
layout_mode = 2
theme = ExtResource("1_3p22e")
theme_override_fonts/font = ExtResource("3_gbacv")
theme_override_font_sizes/font_size = 150
text = "Spielende"
horizontal_alignment = 1
vertical_alignment = 1

[node name="MarginContainer2" type="MarginContainer" parent="PostGame/PostMargin/PostVBox"]
layout_mode = 2
theme_override_constants/margin_bottom = 60

[node name="CounterHBox" type="HBoxContainer" parent="PostGame/PostMargin/PostVBox/MarginContainer2"]
layout_mode = 2
theme_override_constants/separation = 100
alignment = 1

[node name="MarginContainer" type="MarginContainer" parent="PostGame/PostMargin/PostVBox/MarginContainer2/CounterHBox"]
layout_mode = 2

[node name="TextureRect" type="TextureRect" parent="PostGame/PostMargin/PostVBox/MarginContainer2/CounterHBox/MarginContainer"]
layout_mode = 2
texture = ExtResource("2_1cx8q")

[node name="HellLabel" type="Label" parent="PostGame/PostMargin/PostVBox/MarginContainer2/CounterHBox/MarginContainer"]
unique_name_in_owner = true
layout_mode = 2
theme = ExtResource("1_3p22e")
theme_override_fonts/font = ExtResource("3_gbacv")
theme_override_font_sizes/font_size = 96
text = "4"
horizontal_alignment = 1
vertical_alignment = 1

[node name="vs" type="Label" parent="PostGame/PostMargin/PostVBox/MarginContainer2/CounterHBox"]
layout_mode = 2
theme = ExtResource("1_3p22e")
theme_override_fonts/font = SubResource("FontVariation_jhv8k")
theme_override_font_sizes/font_size = 30
text = "vs"

[node name="MarginContainer2" type="MarginContainer" parent="PostGame/PostMargin/PostVBox/MarginContainer2/CounterHBox"]
layout_mode = 2

[node name="TextureRect" type="TextureRect" parent="PostGame/PostMargin/PostVBox/MarginContainer2/CounterHBox/MarginContainer2"]
layout_mode = 2
texture = ExtResource("10_euj0k")

[node name="DunkelLabel" type="Label" parent="PostGame/PostMargin/PostVBox/MarginContainer2/CounterHBox/MarginContainer2"]
unique_name_in_owner = true
layout_mode = 2
theme = ExtResource("1_3p22e")
theme_override_fonts/font = ExtResource("3_gbacv")
theme_override_font_sizes/font_size = 96
text = "12"
horizontal_alignment = 1
vertical_alignment = 1

[node name="MarginContainer3" type="MarginContainer" parent="PostGame/PostMargin/PostVBox"]
layout_mode = 2

[node name="HBoxContainer" type="HBoxContainer" parent="PostGame/PostMargin/PostVBox/MarginContainer3"]
layout_mode = 2
theme_override_constants/separation = 100
alignment = 1

[node name="RestartButton" type="Button" parent="PostGame/PostMargin/PostVBox/MarginContainer3/HBoxContainer"]
layout_mode = 2
theme = ExtResource("1_3p22e")
theme_override_fonts/font = ExtResource("3_gbacv")
theme_override_font_sizes/font_size = 60
text = "Neu"
icon = ExtResource("20_bh54d")
flat = true
icon_alignment = 1

[node name="EndButton" type="Button" parent="PostGame/PostMargin/PostVBox/MarginContainer3/HBoxContainer"]
layout_mode = 2
theme = ExtResource("1_3p22e")
theme_override_fonts/font = ExtResource("3_gbacv")
theme_override_font_sizes/font_size = 60
text = "Ende"
icon = ExtResource("20_bh54d")
flat = true
icon_alignment = 1

[node name="InfoPanel" type="Control" parent="."]
unique_name_in_owner = true
visible = false
layout_mode = 3
anchors_preset = 5
anchor_left = 0.5
anchor_right = 0.5
offset_left = -200.0
offset_right = 200.0
offset_bottom = 100.0
grow_horizontal = 2
size_flags_horizontal = 4
size_flags_vertical = 4
theme = ExtResource("1_3p22e")

[node name="Panel" type="Panel" parent="InfoPanel"]
layout_mode = 1
anchors_preset = 15
anchor_right = 1.0
anchor_bottom = 1.0
grow_horizontal = 2
grow_vertical = 2
theme_override_styles/panel = SubResource("StyleBoxFlat_aytkk")

[node name="WarningLabel" type="Label" parent="InfoPanel/Panel"]
unique_name_in_owner = true
layout_mode = 1
anchors_preset = 8
anchor_left = 0.5
anchor_top = 0.5
anchor_right = 0.5
anchor_bottom = 0.5
offset_left = -229.0
offset_top = -38.5
offset_right = 229.0
offset_bottom = 38.5
grow_horizontal = 2
grow_vertical = 2
theme_override_fonts/font = ExtResource("12_fymqd")
theme_override_font_sizes/font_size = 40
text = "Ungültiger Zug"
horizontal_alignment = 1
vertical_alignment = 1

[node name="InfoTimer" type="Timer" parent="InfoPanel"]
one_shot = true

[connection signal="pressed" from="PreGame/PreMargin/PreVBox/MarginContainer2/ChoiceHBox/LightCB" to="PreGame" method="_on_light_cb_pressed"]
[connection signal="pressed" from="PreGame/PreMargin/PreVBox/MarginContainer2/ChoiceHBox/DarkCB" to="PreGame" method="_on_dark_cb_pressed"]
[connection signal="pressed" from="PreGame/PreMargin/PreVBox/StartButton" to="PreGame" method="_on_start_button_pressed"]
[connection signal="timeout" from="InfoPanel/InfoTimer" to="." method="_on_info_timer_timeout"]
